@book{Agresti2013,
   author = {Alan Agresti},
   city = {Nashville, TN},
   edition = {3},
   isbn = {9781118710944},
   publisher = {John Wiley and Sons},
   title = {Categorical Data Analysis},
   year = {2013},
}
@book{Bishop2006,
   author = {Christopher M Bishop},
   city = {Berlin, Heidelberg},
   isbn = {0387310738},
   publisher = {Springer-Verlag},
   title = {Pattern Recognition and Machine Learning (Information Science and Statistics)},
   year = {2006},
}
@article{Malau2023,
   author = {Tohati Lambadya Malau and Sawaluddin and Sutarman and Tulus Joseph},
   issue = {2},
   journal = {IJM: Indonesian Journal of Multidisciplinary},
   pages = {707â€“722},
   title = {Analisis Metode Logistik Regresi Ensemble untuk Klasifikasi dengan
      Pra-Pemrosesan Menggunakan Principal Component Analysis},
   volume = {1},
   url = {https://journal.csspublishing.com/index.php/ijm/article/view/190},
   year = {2023},
}
@book{Hasdorff1976,
   author = {Lawrence Hasdorff},
   city = {Nashville, TN},
   publisher = {John Wiley \& Sons},
   title = {Gradient optimization and nonlinear control},
   year = {1976},
}
@article{Lee2020,
   author = {Sunbok Lee},
   issue = {3},
   journal = {J. Educ. Meas.},
   pages = {443-457},
   title = {Logistic regression procedure using penalized maximum likelihood
estimation for differential item functioning},
   volume = {57},
   year = {2020},
}
@article{Yi2019,
   author = {Dokkyun Yi and Sangmin Ji and Sunyoung Bu},
   issue = {7},
   journal = {Symmetry (Basel)},
   pages = {942},
   title = {An enhanced optimization scheme based on gradient descent methods
for machine learning},
   volume = {11},
   year = {2019},
}
@article{Shedriko2021,
   author = {Shedriko Shedriko},
   issue = {1},
   journal = {JURNAL TEKNOLOGI DAN OPEN SOURCE},
   pages = {114-120},
   title = {Binary logistic regression in determining affecting factors
student graduation in a subject},
   volume = {4},
   year = {2021},
}
@book{Hastie2009,
   author = {Trevor Hastie and Robert Tibshirani and Jerome Friedman},
   city = {New York, NY},
   publisher = {Springer New York},
   title = {The elements of statistical learning},
   year = {2009},
}
@book{Hosmer2000,
   author = {David W Hosmer and Stanley Lemeshow},
   publisher = {Wiley},
   title = {Applied Logistic Regression},
   year = {2000},
}
@article{Firth1993,
   author = {David Firth},
   issue = {1},
   journal = {Biometrika},
   pages = {27-38},
   title = {Bias reduction of maximum likelihood estimates},
   volume = {80},
   year = {1993},
}
@article{Allen1935,
   author = {R G D Allen and Ragnar Frisch},
   issue = {180},
   journal = {Econ. J. (London)},
   pages = {741},
   title = {Statistical confluence analysis by means of complete regression
systems},
   volume = {45},
   year = {1935},
}
@book{Young2017,
   author = {Derek Scott Young},
   city = {New York, NY},
   publisher = {Productivity Press},
   title = {Handbook of regression methods},
   year = {2017},
}
